/home/artem/MEGA/MyBib/my_all.bib